@article{wax1985detection,
  title={Detection of signals by information theoretic criteria},
  author={Wax, Mati and Kailath, Thomas},
  journal={IEEE Transactions on Acoustics, Speech, and Signal Processing},
  volume={33},
  number={2},
  pages={387--392},
  year={1985},
  publisher={IEEE}
}

@book{godambe1991estimating,
	title={Estimating functions},
	author={Godambe, Vidyadhar P},
	year={1991},
	publisher={Oxford University Press}
}

@techreport{minka2005divergence,
	title={Divergence measures and message passing},
	author={Minka, Tom and others},
	year={2005},
	institution={Technical report, Microsoft Research}
}

