@book{godambe1991estimating,
	title={Estimating functions},
	author={Godambe, Vidyadhar P},
	year={1991},
	publisher={Oxford University Press}
}

@techreport{minka2005divergence,
	title={Divergence measures and message passing},
	author={Minka, Tom and others},
	year={2005},
	institution={Technical report, Microsoft Research}
}

@incollection{akaike1998information,
	title={Information theory and an extension of the maximum likelihood principle},
	author={Akaike, Hirotogu},
	booktitle={Selected Papers of Hirotugu Akaike},
	pages={199--213},
	year={1998},
	publisher={Springer}
}

@article{waxandkailath1985,
	title={Detection of signals by information theoretic criteria},
	author={Wax, Mati and Kailath, Thomas},
	journal={IEEE Transactions on Acoustics, Speech, and Signal Processing},
	volume={33},
	number={2},
	pages={387--392},
	year={1985},
	publisher={IEEE}
}
